@misc{blanc_design_2018,
  type = {Site},
  title = {Design Graphique, Code \& Recherche},
  author = {Blanc, Julie},
  year = {2018},
  journal = {Design graphique, code \& recherche},
  url = {https://julie-blanc.fr/}
}

@misc{bon_tiers_1997,
  type = {Site},
  title = {Le {{Tiers}} Livre, Web \& Litt\'erature},
  author = {Bon, Fran{\c c}ois},
  year = {1997},
  journal = {Tiers Livre},
  issn = {2266-3010},
  abstract = {Tiers Livre Editeur, web \& litt\'erature par Francois Bon \textendash{} fictions, journal, \'edition num\'erique, ateliers \'ecriture.},
  url = {http://www.tierslivre.net/}
}

@misc{casili_antonio_2009,
  type = {Site},
  title = {Antonio {{A}}. {{Casilli Site}}},
  author = {Casili, Antonio},
  year = {2009},
  journal = {Antonio A. Casilli Site},
  abstract = {Personal website of Antonio A. Casilli, author of "Les Liasons Num\'eriques", "Against the Hypothesis of the End of Privacy", "Qu'est-ce que le digital labor?"},
  url = {https://www.casilli.fr/},
  langid = {american}
}

@misc{fauchie_quaternumnet_2019,
  type = {{Carnet}},
  title = {{Quaternum.net}},
  author = {Fauchi{\'e}, Antoine},
  year = {2019},
  journal = {quaternum.net},
  abstract = {Carnet web d'Antoine, d\'edi\'e principalement aux questions de publication (num\'erique). Veille al\'eatoire et articles.},
  url = {https://www.quaternum.net},
  langid = {french}
}

@misc{mellet_blankblue_2020,
  type = {Carnet},
  title = {Blank.Blue},
  author = {Mellet, Margot},
  year = {2020},
  journal = {Blank.blue},
  abstract = {Blank est un espace d'\'ecritures en d\'econstruction car plus elles s'\'ecrivent, plus elles me d\'econditionnent. Ici se cultive l'humilit\'e insolence comme une posture d'honn\^etet\'e intellectuelle. Ici sont n\'ees les petites mains. Blank se d\'ecline sur les non-lieux suivants : Carnet rose d'une doctorante o\`u j'expose certains moments du processus d'\'ecriture de ma th\`ese. Fabrique de la pens\'ee d\'econstruit les \'etapes de structuration de la pens\'ee. Cr\'eation esquisse mes processus d'\'ecriture.},
  url = {https://blank.blue/},
  langid = {english}
}

@misc{perret_site_2020,
  type = {{Carnet}},
  title = {{Site d'Arthur Perret}},
  author = {Perret, Arthur},
  year = {2020},
  journal = {arthurperret.fr},
  url = {https://www.arthurperret.fr},
  langid = {french}
}

@misc{savelli_fenetres_2007,
  type = {Carnet},
  title = {Fen\^etres {{Open Space}}},
  author = {Savelli, Anne},
  year = {2007},
  journal = {Fen\^etres Open Space},
  url = {https://annesavelli.fr/}
}

@misc{vitali-rosati_culture_2018,
  type = {Blogue},
  title = {Culture Num\'erique. {{Pour}} Une Philosophie Du Num\'erique},
  author = {{Vitali-Rosati}, Marcello},
  year = {2018},
  journal = {Culture num\'erique.},
  abstract = {Blogue de Marcello Vitali-Rosati},
  url = {http://blog.sens-public.org/marcellovitalirosati/},
  langid = {english}
}

@misc{walsh_melanie_2016,
  type = {Site},
  title = {Melanie {{Walsh}}},
  author = {Walsh, Melanie},
  year = {2016},
  journal = {Melanie Walsh},
  url = {https://melaniewalsh.org/melaniewalsh.org/},
  langid = {english}
}
@misc{GalettePommesTerre2023,
	title = {Galette de pommes de terre},
	copyright = {Creative Commons Attribution-ShareAlike License},
	url = {https://fr.wikipedia.org/w/index.php?title=Galette_de_pommes_de_terre&oldid=201075902},
	abstract = {La galette de pommes de terre est une spécialité culinaire à base de pommes de terre râpées, généralement frites à la poêle. Les recettes en sont multiples selon les régions ; elles peuvent associer des œufs et des lamelles d'oignons ou d’autres ingrédients. La galette peut être recouverte de diverses sauces, aigres (avec diverses sortes de fromages) ou douces, (coulis de pommes avec ou sans cannelle) et confectionnée à partir de pommes de terre pelées, coupées, ou accommodées en brunoise, ressemblant alors fortement aux hash browns (en) américains.},
	language = {fr},
	urldate = {2023-03-08},
	journal = {Wikipédia},
	month = feb,
	year = {2023},
	note = {Page Version ID: 201075902},
	file = {Snapshot:C\:\\Users\\User\\Zotero\\storage\\LG3VQFM3\\Galette_de_pommes_de_terre.html:text/html},
}

@misc{WarumBockwurstUnd,
	title = {Warum bockwurst und kartoffelsalat zu weihnachten?},
	url = {https://alleantworten.de/warum-bockwurst-und-kartoffelsalat-zu-weihnachten},
	urldate = {2023-03-08},
	file = {Warum bockwurst und kartoffelsalat zu weihnachten?:C\:\\Users\\User\\Zotero\\storage\\Y7UWDA82\\warum-bockwurst-und-kartoffelsalat-zu-weihnachten.html:text/html},
}

@misc{maciarkaSlovencinaZemiakovePlacky1899,
	title = {Slovenčina:  {Zemiakové} placky ゼミアコベー・プラツキー},
	shorttitle = {Slovenčina},
	url = {https://commons.wikimedia.org/wiki/File:Zemiakov%C3%A9_placky_%E3%82%BC%E3%83%9F%E3%82%A2%E3%82%B3%E3%83%99%E3%83%BC%E3%83%BB%E3%83%97%E3%83%A9%E3%83%84%E3%82%AD%E3%83%BC.JPG},
	urldate = {2023-03-08},
	author = {{Maciarka}},
	month = nov,
	year = {1899},
	file = {Wikimedia Snapshot:C\:\\Users\\User\\Zotero\\storage\\D75A4I4I\\FileZemiakové_placky_ゼミアコベー・プラツキー.html:text/html},
}

