
@misc{GalettePommesTerre2023,
	title = {Galette de pommes de terre},
	copyright = {Creative Commons Attribution-ShareAlike License},
	url = {https://fr.wikipedia.org/w/index.php?title=Galette_de_pommes_de_terre&oldid=201075902},
	abstract = {La galette de pommes de terre est une spécialité culinaire à base de pommes de terre râpées, généralement frites à la poêle. Les recettes en sont multiples selon les régions ; elles peuvent associer des œufs et des lamelles d'oignons ou d’autres ingrédients. La galette peut être recouverte de diverses sauces, aigres (avec diverses sortes de fromages) ou douces, (coulis de pommes avec ou sans cannelle) et confectionnée à partir de pommes de terre pelées, coupées, ou accommodées en brunoise, ressemblant alors fortement aux hash browns (en) américains.},
	language = {fr},
	urldate = {2023-03-08},
	journal = {Wikipédia},
	month = feb,
	year = {2023},
	note = {Page Version ID: 201075902},
	file = {Snapshot:C\:\\Users\\User\\Zotero\\storage\\LG3VQFM3\\Galette_de_pommes_de_terre.html:text/html},
}

@misc{WarumBockwurstUnd,
	title = {Warum bockwurst und kartoffelsalat zu weihnachten?},
	url = {https://alleantworten.de/warum-bockwurst-und-kartoffelsalat-zu-weihnachten},
	urldate = {2023-03-08},
	file = {Warum bockwurst und kartoffelsalat zu weihnachten?:C\:\\Users\\User\\Zotero\\storage\\Y7UWDA82\\warum-bockwurst-und-kartoffelsalat-zu-weihnachten.html:text/html},
}

@misc{maciarkaSlovencinaZemiakovePlacky1899,
	title = {Slovenčina:  {Zemiakové} placky ゼミアコベー・プラツキー},
	shorttitle = {Slovenčina},
	url = {https://commons.wikimedia.org/wiki/File:Zemiakov%C3%A9_placky_%E3%82%BC%E3%83%9F%E3%82%A2%E3%82%B3%E3%83%99%E3%83%BC%E3%83%BB%E3%83%97%E3%83%A9%E3%83%84%E3%82%AD%E3%83%BC.JPG},
	urldate = {2023-03-08},
	author = {{Maciarka}},
	month = nov,
	year = {1899},
	file = {Wikimedia Snapshot:C\:\\Users\\User\\Zotero\\storage\\D75A4I4I\\FileZemiakové_placky_ゼミアコベー・プラツキー.html:text/html},
}
